<record><leader>00000cas a22000007a 4500</leader><controlfield tag="001">9473402</controlfield><controlfield tag="008">830503d184u18uumauwr ne      0    0eng d</controlfield><datafield ind1=" " ind2=" " tag="010"><subfield code="a">sn 83020647 </subfield></datafield><datafield ind1=" " ind2=" " tag="040"><subfield code="a">NPX</subfield><subfield code="b">eng</subfield><subfield code="c">NPX</subfield><subfield code="d">OCLCQ</subfield></datafield><datafield ind1=" " ind2=" " tag="042"><subfield code="a">msc</subfield></datafield><datafield ind1=" " ind2=" " tag="043"><subfield code="a">n-us-ma</subfield></datafield><datafield ind1="0" ind2="0" tag="245"><subfield code="a">New Bedford reporter and the seaman's weekly visitor.</subfield></datafield><datafield ind1=" " ind2=" " tag="260"><subfield code="a">New-Bedford [Mass.] :</subfield><subfield code="b">Joseph H. Smith</subfield></datafield><datafield ind1=" " ind2=" " tag="300"><subfield code="a">v. ;</subfield><subfield code="c">49 cm.</subfield></datafield><datafield ind1=" " ind2=" " tag="310"><subfield code="a">Weekly</subfield></datafield><datafield ind1=" " ind2=" " tag="500"><subfield code="a">Publisher: Chas. H. Kingsford, 1849-</subfield></datafield><datafield ind1=" " ind2=" " tag="500"><subfield code="a">Editor: Joseph H. Smith.</subfield></datafield><datafield ind1=" " ind2=" " tag="580"><subfield code="a">Published from the same office: New Bedford reporter and semi-weekly Democrat.</subfield></datafield><datafield ind1=" " ind2=" " tag="588"><subfield code="a">Description based on: Vol. 2, no. 27 (Jan. 21, 1847).</subfield></datafield><datafield ind1="1" ind2=" " tag="700"><subfield code="a">Smith, Joseph H.</subfield></datafield><datafield ind1=" " ind2=" " tag="752"><subfield code="a">United States</subfield><subfield code="b">Massachusetts</subfield><subfield code="c">Bristol</subfield><subfield code="d">New Bedford.</subfield></datafield><datafield ind1="0" ind2="0" tag="780"><subfield code="t">New Bedford reporter and the family weekly visitor</subfield><subfield code="w">(DLC)sn 83020646</subfield></datafield><datafield ind1="1" ind2=" " tag="787"><subfield code="t">New Bedford reporter and semi-weekly Democrat</subfield></datafield><datafield ind1="1" ind2=" " tag="029"><subfield code="a">AU@</subfield><subfield code="b">000025794526</subfield></datafield></record>